@MISC{LATUM,
    title = {Definition 1 ({L}inear {A}rithmetic)},
    author={Gramoz Goranci},
    howpublished = {\url{https://www7.in.tum.de/um/courses/seminar/decisionproc/ws1314/material/LA1.pdf}},
    note 		 = "Last accessed 04 Oct 2018",
}

@MISC{TSNYU,
    title = {Theory Solver NYU},
    author={Clark Barrett},
    howpublished = {\url{https://web.stanford.edu/class/cs357/lectures/lec10.pdf}},
    note 		 = "Last accessed 31 Oct 2018",
}

@MISC{TSat,
    title = {Theories \textit{{T}}, \textit{{T}}-safisfiability and \textit{{T}}-validity},
    author={Erika {\'A}brah{\'a}m},
    howpublished = {\url{https://ths.rwth-aachen.de/wp-content/uploads/sites/4/teaching/vorlesung_satchecking/ws14_15/03a_fo_theories_handout.pdf}},
    note 		 = "Last accessed 31 Oct 2018",
}

@misc{wiki:DPLL_algorithm,
   author = "Wikipedia",
   title = "{DPLL algorithm} --- {W}ikipedia{,} The Free Encyclopedia",
   year = "2018",
   howpublished = {\url{http://en.wikipedia.org/w/index.php?title=DPLL\%20algorithm&oldid=836763597}},
   note = "[Online; accessed 31-October-2018]"
 }

@MISC{TangentPlane,
    title = {Tangent {L}ines, {N}ormal {L}ines, and {T}angent {P}lanes},
    author={Gregory Hartman},
    howpublished = {\url{http://spot.pcc.edu/math/APEXCalculus/sec_multi_tangent.html}},
    note 		 = "Last accessed 08 Oct 2018",
}

@article{Cimatti:2018:ILS:3274693.3230639,
 author = {Cimatti, Alessandro and Griggio, Alberto and Irfan, Ahmed and Roveri, Marco and Sebastiani, Roberto},
 title = {Incremental Linearization for Satisfiability and Verification Modulo Nonlinear Arithmetic and Transcendental Functions},
 journal = {ACM Trans. Comput. Logic},
 issue_date = {September 2018},
 volume = {19},
 number = {3},
 year = {2018},
 issn = {1529-3785},
 pages = {1--52},
 articleno = {19},
 numpages = {52},
 url = {http://doi.acm.org/10.1145/3230639},
 doi = {10.1145/3230639},
 acmid = {3230639},
 publisher = {ACM},
 address = {New York, NY, USA},
 keywords = {SMT, Satisfiability modulo theories, formal verification, nonlinear arithmetic, symbolic computation, transcendental functions},
}

@book{abdulla2013reachability,
  title={Reachability Problems: 7th International Workshop, RP 2013, Uppsala, Sweden, September 24-26, 2013, Proceedings},
  author={Abdulla, P.A. and Potapov, I.},
  isbn={9783642410369},
  series={Lecture Notes in Computer Science},
  url={https://books.google.de/books?id=Cv65BQAAQBAJ},
  year={2013},
  publisher={Springer Berlin Heidelberg}
}

%/////////////////////////////////////////////////
%/
% https://link.springer.com/chapter/10.1007/978-3-540-73368-3_5
%/
%/////////////////////////////////////////////////
@inproceedings{de2007tutorial,
author="de Moura, Leonardo
and Dutertre, Bruno
and Shankar, Natarajan",
title="A Tutorial on Satisfiability Modulo Theories",
booktitle="Computer Aided Verification",
year="2007",
publisher="Springer Berlin Heidelberg",
pages="20--36",
isbn="978-3-540-73368-3"
}

@misc{lec:satchecking5a,
  author        = {Prof. Dr. Erika Ábrahám},
  title         = {Satisfiability Checking: Lazy SAT-Modulo-Theories (SMT) Solving},
  month         = {February},
  year          = {2014},
  note   = "URL: \url{https://ths.rwth-aachen.de/wp-content/uploads/sites/4/teaching/vorlesung_satchecking/ws14_15/05a_smt_handout.pdf}. 
            Last accessed 04 Oct 2018",
  publisher={RWTH Aachen University Informatik 2 LuFG Theory of Hybrid Systems}
}

@misc{wiki:smt-rat,
  title         = {SMT-RAT wiki},
  month         = {October},
  year          = {2017},
  note   = "URL: \url{https://github.com/smtrat/smtrat/wiki}. 
            Last accessed 05 Jan 2019",
  publisher={RWTH Aachen University Informatik 2 LuFG Theory of Hybrid Systems}
}

@misc{manual:smt-rat,
  title         = {SMT-RAT manual},
  note   = "URL: \url{https://github.com/smtrat/smtrat/blob/master/manual/manual_smtrat-2.0.0.pdf}. 
            Last accessed 10 Mar 2019",
  publisher={RWTH Aachen University Informatik 2 LuFG Theory of Hybrid Systems}
}

@MISC{brahm2010ALS,
    title = {{F}ull lazy {SMT}-solving},
    author={Erika {\'A}brah{\'a}m},
    howpublished = {\url{https://ths.rwth-aachen.de/wp-content/uploads/sites/4/teaching/vorlesung_satchecking/ws14_15/05a_smt_handout.pdf}},
    note 		 = "Last accessed 31 Oct 2018",
}

@incollection{barrett2018satisfiability,
  title={Satisfiability modulo theories},
  author={Barrett, Clark and Tinelli, Cesare},
  booktitle={Handbook of Model Checking},
  pages={305--343},
  year={2018},
  publisher={Springer}
}

%/////////////////////////////////////////////////
%/
% https://link.springer.com/chapter/10.1007/978-3-319-24318-4_26
%/
%/////////////////////////////////////////////////
@InProceedings{inproceedings,
author="Corzilius, Florian
and Kremer, Gereon
and Junges, Sebastian
and Schupp, Stefan
and {\'A}brah{\'a}m, Erika",
title="{SMT-RAT}: An Open Source {C}++ Toolbox for Strategic and Parallel {SMT} Solving",
booktitle="Theory and Applications of Satisfiability Testing -- SAT 2015",
year="2015",
publisher="Springer International Publishing",
pages="360--368",
doi = {10.1007/978-3-319-24318-4_26},
isbn="978-3-319-24318-4"
}

%/////////////////////////////////////////////////
%/
% https://link.springer.com/chapter/10.1007/11817963_11
%/
%/////////////////////////////////////////////////
@InProceedings{10.1007/11817963_11,
author="Dutertre, Bruno
and de Moura, Leonardo",
title="A Fast Linear-Arithmetic Solver for {DPLL(T)}",
booktitle="Computer Aided Verification",
year="2006",
publisher="Springer Berlin Heidelberg",
pages="81--94",
isbn="978-3-540-37411-4"
}

@book{Biere:2009:HSV:1550723,
 author = {Biere, A. and Heule, M. and van Maaren, H. and Walsh, T.},
 title = {Handbook of Satisfiability},
 volume = 185,
 series = {Frontiers in Artificial Intelligence and Applications},
 year = {2009},
 isbn = {1586039296, 9781586039295},
 publisher = {IOS Press}
} 

%/////////////////////////////////////////////////
%/
% https://scholar.google.com/scholar?hl=en&as_sdt=0%2C5&q=Incremental+Linearization+for+Satisfiability+and+Verification+Modulo+Nonlinear+Arithmetic+and+Transcendental+Functions&btnG=
%/
%/////////////////////////////////////////////////
@phdthesis{irfan2018incremental,
  title={Incremental Linearization for Satisfiability and Verification Modulo Nonlinear Arithmetic and Transcendental Functions},
  author={Irfan, Ahmed},
  year={2018},
  school={University of Trento}
}

%/////////////////////////////////////////////////
%/
% https://link.springer.com/chapter/10.1007/978-3-642-36742-7_7
%/
%/////////////////////////////////////////////////
@InProceedings{10.1007/978-3-642-36742-7_7,
author="Cimatti, Alessandro
and Griggio, Alberto
and Schaafsma, Bastiaan Joost
and Sebastiani, Roberto",
title="{The MathSAT5 SMT Solver}",
booktitle="Tools and Algorithms for the Construction and Analysis of Systems",
year="2013",
publisher="Springer Berlin Heidelberg",
pages="93--107",
isbn="978-3-642-36742-7"
}

%/////////////////////////////////////////////////
%/
% https://link.springer.com/chapter/10.1007/978-3-540-78800-3_24
%/
%/////////////////////////////////////////////////
@InProceedings{10.1007/978-3-540-78800-3_24,
author="de Moura, Leonardo
and Bj{\o}rner, Nikolaj",
title="Z3: An Efficient SMT Solver",
booktitle="Tools and Algorithms for the Construction and Analysis of Systems",
year="2008",
publisher="Springer Berlin Heidelberg",
pages="337--340",
isbn="978-3-540-78800-3"
}

%/////////////////////////////////////////////////
%/
% http://smtlib.cs.uiowa.edu/credits.shtml#citing
%/
%/////////////////////////////////////////////////
@MISC{BarFT-SMTLIB,
  author =	 {Clark Barrett and Pascal Fontaine and Cesare Tinelli},
  title =	 {{The Satisfiability Modulo Theories Library (SMT-LIB)}},
  howpublished = {{\tt www.SMT-LIB.org}},
  year =	 2016,
}

@MISC{SMTLIB-benchmarks,
  title =	 {{The Satisfiability Modulo Theories Library (SMT-LIB) - Benchmarks}},
  howpublished = {{\tt http://smtlib.cs.uiowa.edu/benchmarks.shtml}},
  year =	 2016,
}